% ********** Bibliography **********

% ****************************************
% Your bibliography should be stored here
% ****************************************

@BOOK{RFC3261,
	AUTHOR		= "Rosenberg, J., Schulzrinne, H., Camarillo, G., Johnston, A., Peterson, J., Sparks, R., Handley, M. and E. Schooler",
	TITLE      	= "{SIP}: Session Initiation Protocol",
	PUBLISHER  	= "RFC 3261",
	MONTH			= "June"
	YEAR       	= "2002"
}

@BOOK{RFC3725,
	AUTHOR		="Rosenberg, J., Peterson, J., Schulzrinne, H. and Camarillo, G.",
	TITLE			="Best Current Practices for Third Party Call Control (3pcc) in the Session Initiation Protocol (SIP)",
	PUBLISHER	="RFC 3725",
   MONTH 		="April"
	YEAR 			="2004"
}

@MISC{MjSip,
	AUTHOR		="",
	


}

% ********** End of bibliography **********
